LDR  01221cas  2200289   45  
005  19930317000000.0
008  800801c19539999gw ar p      ü1bhuü0gerüa
010       $a 57046675 //r67
035       $a 010-S
040       $c CBGTU $d CBGTU
043       $a ee-----
111  2    $a Kongress Kirche in Not.
245  10   $a Kirche in Not.
260  00   $a Kèonigstein/Ts., $b Ostpriesterhilfe $c [1953-
300       $a v. $c 21 cm.
362  0    $a 1-
500       $a GTU PE: OUTPUT 852'S FROM 1ST 920; OUTPUT CALL NUM FROM 1ST 920 $a $b TO 852 $h $i FOR ALL 852'S (04/02).
500       $a OUTPUT HOLDINGS FROM 1ST VALID $b IN 1ST 950 TO 852 $3 OF 1ST 852; OUTPUT DEFAULT HOLDINGS NOTE IN 852 $3 OF ALL OTHER 852'S.
500       $a Proceedings of the 1st and 3rd congresses (1951,1954) not published.
500       $a Each vol. has also distinctive title.
555       $a Vols. 1-10 öiön v. 10.
610  20   $a Catholic Church $z Europe, Eastern $x Congresses.
650   0   $a Persecution $z Europe, Eastern $x Congresses.
852       $a GTB $b gtu $h BR738.6 (1ST 920) $i .K6 $3 *** GTU has v.1- (2ND 950 $b)
852       $a GTB $b grar $h BR738.6 (1ST 920) $i .K6 $3 For holdings consult library
852       $a GTB $b gper $h BR738.6 (1ST 920) $i .K6 $3 For holdings consult library
901       $a GTB $b 1155276

Record 3
