LDR  01033cam  2200253 i 45  
005  19930223000000.0
008  800305s1919    gw a     b    üü11ü ger  
010       $a 22008181
035       $a 14430509-B
040       $c CBGTU $d CBGTU
043       $a f-it---
100  1    $a Mèuller, Nikolaus, $d 1857-1912.
245  14   $a Die Inschriften der jèudischen Katakombe am Monteverde zu Rom / $c entdeckt und erklèart von Nikolaus Mèuller ; vervollstèandigt und hrsg. von Nikos A. Bees.
260  0    $a Leipzig : $b Harrassowitz, $c 1919.
300       $a ix, [i], 184 p. : $b ill. ; $c 33 cm.
490  1    $a Schriften - Gesellschaft zur Fèorderung der Wissenschaft des Judentums.
500       $a GTU: OUTPUT INCOMING 001 AS IS IN 035 FIELD (05/06).
504       $a Bibliography: p. [x]
650   0   $a Inscriptions, Jewish.
651   0   $a Rome (Italy) $x Antiquities.
700  10   $a Beåes, Nikos A. $q (Nikos Athanasiou), $d 1882-1958.
830   0   $a Schriften (Gesellschaft zur Fèorderung der Wissenschaft des Judentums (Germany))
852       $a GTB $b gref $h CN745 $i .M
901       $a GTB $b 1150001

Record 4
