LDR  00725cam  2200193   45  
005  19920401000000.0
008  800305s1974    ja c          00000 eng d
035       $a 14430932-B
040       $a CBGTU $c CBGTU
245  00   $a Experiences of members in the Divine Light Program.
260  0    $a Atami, Japan : $b Church of World Messianity, $c c1974.
300       $a 224 p. : $b ports. ; $c 21 cm.
500       $a GTU: 3 LOCS IN 1ST 920 WITH COPY INFO IN PARENS; REMOVE COPY INFO & OUTPUT IN 3 852'S.  920 HAS $a ONLY - OUTPUT AS 852 $j FOR ALL LOCS (04/02).
610  20   $a Sekai Kyåuseikyåo.
710  20   $a Sekai Kyåuseikyåo.
852       $a GTB $b gtu $j BL2228.S43.E9
852       $a GTB $b gref $j BL2228.S43.E9
852       $a GTB $b grar $j BL2228.S43.E9
901       $a GTB $b 1150002

Record 5
