LDR  01646cas  2200361   45  
005  19930317000000.0
008  810803c19699999nyumn p       0uuu 0eng d
010       $a sc 81005002  $z 78004436 /sn
022       $a 0364-4103
035       $a 0319-S
040       $a MBTI $c MBTI $d NSDP $d DLC $d CBGTU
042       $a nsdp $a lc
212  0    $a Joint Strategy and Action Committee grapevine.
222  00   $a JSAC grapevine.
240       $a published 10 times/year.
245  00   $a JSAC grapevine.
246       $a Grapevine.
246  10   $a Grapevine.
260  00   $a New York, $b Joint Strategy and Action Committee, $c 1969-
265       $a 475 Riverside Dr., Room 1700A, 10027.
300       $a v. $b ill. $c 28 cm.
310       $a Monthly (except Aug. and Dec.) $b < Feb. 1975->
321       $a Seven no. a year, $b Feb. 1969-
362  0    $a v. 1-   Feb. 1969-
500       $a GTU: CALL NUM IS IN 1ST 920 $a, OUTPUT AS 852 $j; IGNORE CALL NUM IN 2ND 920.  2ND LOCATION IS "gts"; DO NOT OUTPUT (04/02).
500       $a 950 HAS 2 $b'S, 1ST CONTAINS "has v" - OUTPUT IN 852 $3 OF 1ST 852; IGNORE OTHER $b'S. OUTPUT DEFAULT IN OTHER 852'S.
650   0   $a Church and social problems $x Periodicals.
710  21   $a Joint Strategy and Action Committee (New York, N.Y.). $t Grapevine.
710  20   $a Joint Strategy and Action Committee (New York, N.Y.)
852       $a GTB $b gper $j Periodical (1ST 920) $x SFTS copy classified at HN 30 J7. $3 GTU has v.2(1970) (1ST 950 $b)
852       $a GTB $b sfts $j Periodical (1ST 920) $x SFTS copy classified at HN 30 J7. $3 For holdings consult library
852       $a GTB $b sref $j Periodical (1ST 920) $x SFTS copy classified at HN 30 J7. $3 For holdings consult library
901       $a GTB $b 1155301

Record 6
