LDR  01246cam  2200265 i 45  
005  19920401000000.0
008  800305s1974    dcu      b    00010 eng d
035       $a 14431246-B
040       $a CBGTU $c CBGTU
041  1    $a englat
043       $a a-is---
110  2    $a Catholic Church. $b Pope (1963-1978 : Paul VI)
240  10   $a Nobis in animo. $l English.
245  10   $a Apostolic exhortation of his Holiness Paul VI to the bishops, clergy and faithful of the world concerning the increased needs of the Church in the Holy Land.
260  0    $a Washington : $b Publications Office, United States Catholic Conference, $c 1974.
300       $a 9 p. ; $c 22 cm.
500       $a GTU: CALL NUMBER IN 920 $a $a $b; OUTPUT IN SINGLE 852 $j (04/02).
504       $a Includes bibliographical references.
650   0   $a Christianity $z Israel.
710  20   $a Catholic Church. $b Pope (1963-1978 : Paul VI). $t Church in the Holy Land.
710  20   $a Catholic Church. $b Pope (1963-1978 : Paul VI). $t Concerning the increased needs of the church in the Holy Land.
710  20   $a Catholic Church. $b Pope (1963-1978 : Paul VI). $t Apostolic exhortation.
852       $a GTB $b gtu $j BR1110 (1ST $a) .P10 (2ND $a) .C3 ($b)
852       $a GTB $b grar $j BR1110 (1ST $a) .P10 (2ND $a) .C3 ($b)
901       $a GTB $b 1150003

Record 7
