LDR  00822cas  2200229   45  
005  19930301000000.0
008  801201c19689999tnuuu         ü  ü 0eng  
010       $a 76008149 //r712
022       $a 0091-8326
035       $a 013-S
042       $a lc $a nsdp
110  2    $a United Methodist Church (U.S.). $b Program Council.
222  00   $a Book of resolutions of the United Methodist Church.
245  14   $a The book of resolutions of the United Methodist Church.
260  00   $a Nashville, $b United Methodist Pub. House [etc.]
300       $a v. $c 22 cm.
362  0    $a 1968-
500       $a GTU: NO CALL NUMBER IN 1ST 920, DO NOT OUTPUT ANY CALL NUM (04/02).
650   0   $a Church and social problems $x United Methodist Church (U.S.)
852       $a GTB $b grar $3 GTU has 1968, 1980-
852       $a GTB $b gref $3 For holdings consult library
901       $a GTB $b 1155279

Record 8
