LDR  01190cas  2200277   45  
005  19930216000000.0
008  800702c19769999abczx     b   0uaua0eng d
022  0    $a 0702-8245
035       $a 023-S
040       $a CBGTU $c CBGTU
245  00   $a Ugaritic studies.
260  0    $a Calgary, Alta. : $b Dept. of Religious Studies, University of Calgary, $c 1976-
265       $a Dean's Office, Faculty of Humanities, University of Calgary, Calgary, Alta., Canada T 2 N 1N4.
300       $a v. ; $c 28 cm.
362  0    $a [1] (1976)-
500       $a GTU: CALL NUM IN 1ST 920 HAS SUFFIX - OUTPUT AS 852 $m FOR ALL 852'S. NO HOLDINGS INFO IN 950, OUTPUT DEFAULT HOLDINGS FOR ALL 852'S (04/02).
570       $a Editor: P. C. Craigie.
650   0   $a Ugaritic philology $x Periodicals.
651   0   $a Ugarit (Extinct city) $x Periodicals.
710  21   $a Canadian Society of Biblical Studies.
710  21   $a Society of Biblical Literature.
730  00   $a Newsletter for Ugaritic studies.
852       $a GTB $b gref $m SIZE 9 $h DS99.R3 $i U35 $3 For holdings consult library
852       $a GTB $b sarc $m SIZE 9 $h DS99.R3 $i U35 $3 For holdings consult library
852       $a GTB $b gtu $m SIZE 9 $h DS99.R3 $i U35 $3 For holdings consult library
901       $a GTB $b 1155283

Record 9
