LDR  01202cas  2200277   45  
005  19920804000000.0
008  810205c19429999nyuuu         0uuua0eng  
010       $a 57009125
022       $a 0070-5101
035       $a 0511-S
040       $c DI $d NIC $d CU-CU $d CBGTU
043       $a n-us---
222  00   $a Directory of American scholars.
245  00   $a Directory of American scholars.
260  00   $a New York, [etc.] $b R. R. Bowker, Co. [etc.]
300       $a v. $c 26-29 cm.
362  0    $a [1st]-   ed; 1942-
500       $a GTU PE: 950 $B HAS BOTH HOLDINGS & "CURRENT" NOTE; IN 1ST 852, DO NOT OUTPUT $m "CURRENT" NOTE, DO OUTPUT 852 $3; OUTPUT DEFAULT HOLDINGS IN 852 $3 FOR ALL OTHER 852'S (04/02).
550  1    $a Published 1963-1969 with the cooperation of the American Council of Learned Societies.
570       $a Editor: 1942-1957 J. Cattell.
650   0   $a Scholars $z United States $x Directories.
650   0   $a Theologians $z United States $x Directories.
700  11   $a Cattell, Jaques, $d 1904-1960, $e ed.
852       $a GTB $b gref $m SIZE 2 $h LA2311 $i .C32 $3 GTU has v.4: Philosophy, religion and law. 7th ed. Current vol. only retained.
852       $a GTB $b sref $m SIZE 2 $h LA2311 $i .C32 $3 For holdings consult library
901       $a GTB $b 1155328

Record 10
