LDR  01042cam  2200253 i 45  
005  19921019000000.0
008  800306m19799999gw       b    00010 ger  
010       $a 79392002
020       $a 3766690531 (v. 2)
035       $a 14441730-B
100  1    $a Loretz, Oswald.
245  14   $a Die Psalmen : $b Beitr. d. Ugarit-Texte zum Verstèandnis von Kolometrie u. Textologie d. Psalmen / $c Oswald Loretz.
260  0    $a Kevelaer : $b Butzon und Becker ; $a Neukirchen-Vluyn : $b Neukirchener Verlag, $c 1979-
300       $a v. ; $c 22 cm.
490  1    $a Alter Orient und Altes Testament ; $v Bd. 207.
500       $a GTU MONO: 1ST INPUT 934 $a BEGINS WITH 'V.'; OUTPUT TO 852 $3 OF 1ST 852 ONLY; IGNORE 2ND $a; IGNORE 2ND 934  (04/02).
505  1    $a T. 2. Psalm 90-150.
630  00   $a Bible. $p O.T. $p Psalms $x Criticism, Textual.
650   0   $a Cuneiform inscriptions, Ugaritic.
830   0   $a Alter Orient und Altes Testament ; $v Bd. 207.
852       $a GTB $b gtu $h BS1430.2 $i .L67 $3 v.2.
852       $a GTB $b grar $h BS1430.2 $i .L67
852       $a GTB $b gref $h BS1430.2 $i .L67
901       $a GTB $b 1150009

Record 11
