LDR  00830cam  2200229 i 45  
005  19920817000000.0
008  800311m19641973nyu           üüüüü eng  
010       $a 64003132
035       $a 14519658-B
040       $c CSt $d CBGTU
245  00   $a New theology / $c edited by Martin E. Marty and Dean G. Peerman.
260  0    $a New York : $b Macmillan, $c c1964-1973.
300       $a 10 v. ; $c 19 cm.
500       $a Consists of reprints from various religious journals.
500       $a GTU MONO: 2ND $a OF 1ST 934 FIELD CONTAINS "HAS V" - OUTPUT TO 852 $3 OF 1ST 852; IGNORE 1ST $a; IGNORE 2ND 934 (04/02).
650   0   $a Theology.
650   0   $a Christianity $y 20th century.
700  10   $a Marty, Martin E., $d 1928-
700  10   $a Peerman, Dean G.
852       $a GTB $b gtu $h BR53 $i .N5 $3 SFTS has v. 2-18 (2nd $a)
852       $a GTB $b sfts $h BR53 $i .N5
901       $a GTB $b 1150038

Record 12
