LDR  02030cas  2200313   45  
005  19930324000000.0
008  800403c19079999njutn p       ü  ü 0eng  
010       $a 11000958 /ca
022       $a 0032-8413
035       $a 030-S
040       $c MUL $d MBTI $d NSDP $d DLC $d CBGTU
042       $a nsdp $a lc
043       $a n-us-nj
222  04   $a The Princeton Seminary bulletin.
245  04   $a The Princeton Seminary bulletin.
260  00   $a [Princeton, N.J., $b Princeton Theological Seminary], $c 1907-
265       $a Princeton Seminary Bulletin, Princeton, NJ 08540.
300       $a v. in $c 23-28 cm.
310       $a Frequency varies: three or four issues yearly.
362  0    $a Vol. 1, no.1 (May 1907)-v.68, no. 3 (winter 1976); new ser. v. 1, no. 1 ([winter] 1977)-
500       $a GTU: OUTPUT ALL 590 NOTES AS 852 $x'S FOR ALL 852'S (04/02).
520       $a One issue of each vol. is the academic catalog of the Seminary, 1907-76.
610  20   $a Princeton Theological Seminary.
710  20   $a Princeton Theological Seminary.
785       $a Princeton seminary bulletin (new series)
852       $a GTB $b sfts $h BV4070 $i .P712 $x Index for v.56(1962)-68(1976) and v.1(1977)-12(1991) (590 FLD) $x Index for v.1-55 (old series) is stored in Archive (590 FLD) $x Vol 1. no 1 in Archive (590 FLD) $x One copy at SFTS Reference Desk (590 FLD) $3 GTU-S has v.44:2 (1950), v.47-48 (1953/55), v.50:2 (1956), v.55:3-4 (1962), v.58-61 (1964/65-1967/68), v.62:4 (1969), v.63:2-4 (1970), v.65:1-2,4 (1972), v.66- (1973/74- )
852       $a GTB $b gtu $h BV4070 $i .P712 $x Index for v.56(1962)-68(1976) and v.1(1977)-12(1991) (590 FLD) $x Index for v.1-55 (old series) is stored in Archive (590 FLD) $x Vol 1. no 1 in Archive (590 FLD) $x One copy at SFTS Reference Desk (590 FLD) $3 For holdings consult library
852       $a GTB $b gref $h BV4070 $i .P712 $x Index for v.56(1962)-68(1976) and v.1(1977)-12(1991) (590 FLD) $x Index for v.1-55 (old series) is stored in Archive (590 FLD) $x Vol 1. no 1 in Archive (590 FLD) $x One copy at SFTS Reference Desk (590 FLD) $3 For holdings consult library
901       $a GTB $b 1155290

Record 13
