LDR  01317cas  2200313   45  
005  19930317000000.0
008  800703c18449999pauqr p       0uuua0eng  
010       $a 15000601
022       $a 0360-3725
035       $a 035-S
040       $c CBGTU $d CBGTU
043       $a n-us---
212  0    $a African Methodist Episcopal Church review.
240       $a quarterly.
245  04   $a The A.M.E. Church review.
246       $a The AME Church Review.
260  01   $a Philadelphia, $b Publishing House of African M.E. Church, $c 1884-
300       $a v. $b ports. $c 23 cm.
362  0    $a v.1-     July, 1884-
500       $a GTU PE: 950 $b BEGINS 'V.' - OUTPUT 852 $3 IN 1ST 852 ONLY; OUTPUT DEFAULT HOLDINGS NOTE IN ALL OTHER 852'S (04/02).
515       $a Issues are also numbered consecutively.
515       $a 19<71>- numerous errors in numbering: vol. no. frequently changes with each issue; no. 250-270 omitted in 1972.
570       $a Editors: 1884-     B.T.Tanner.--        L.J. Coppin.
610  20   $a African Methodist Episcopal Church $x Periodicals.
700  11   $a Tanner, Benj. T. $q (Benjamin Tucker), $d 1835-1923, $e ed.
852       $a GTB $b gper $j Periodical $3 v. 245-272 (1971-1972); no. 286- (1977-
852       $a GTB $b sper $j Periodical $3 For holdings consult library
852       $a GTB $b sref $j Periodical $3 For holdings consult library
901       $a GTB $b 1155306

Record 14
