LDR  01494cas  2200349 a 45  
005  19920921000000.0
008  810403d19011974enkuuz   b    0uuua0eng  
010       $a 68088411 //r75
022       $a 0084-2753
035       $a GTUL
035       $a HARR
035       $a UCB13430683
035       $a S453
035       $a 0313-S
040       $c NIC $d DLC $d NSDP $d OCL $d CBGTU
042       $a lc $a nsdp
043       $a e-uk---
222  00   $a Writings on British history.
245  00   $a Writings on British history.
260  01   $a London : $b Jonathan Cape for the Royal Historical Society, $c 1937-1986.
300       $a 27 v. ; $c 24 cm.
362  0    $a 1901/1933-1973/1974.
500       $a "A bibliography of books and articles on the history of Great Britain ... with an appendix containing a select list of publications."
500       $a GTU PE: REC HAS "LATEST" NOTE IN 2ND $b IN 1ST 950, BUT NO HOLDINGS INFO IN 1ST 950. OUTPUT "LATEST" IN $m OF 1ST 852. DO NOT OUTPUT DEFAULT HOLDINGS NOTE FOR 1ST 852.  OUTPUT DEFAULT HOLDINGS FOR OTHER 852'S (04/02).
651   0   $a Great Britain $x History $x Bibliography.
710  20   $a University of London. $b Institute of Historical Research.
710  21   $a Royal Historical Society (Great Britain)
785  14   $t Annual bibliography of British and Irish History.
852       $a GTB $b gref $h Z2016 $i .W74 $m GTU keeps latest edition at Ref Desk
852       $a GTB $b sref $h Z2016 $i .W74 $3 For holdings consult library
852       $a GTB $b gper $h Z2016 $i .W74 $3 For holdings consult library
901       $a GTB $b 1155295

Record 15
