LDR  00741eas  2200229   45  
005  19930422000000.0
008  800903c19689999nyu ü1p       0uuua0eng d
010       $a 79005001 /sn
022  0    $a 0161-2360
035       $a 039-S
040       $a NSDP $d CBGTU $d CStRLIN
042       $a nsdp
222  00   $a World Goodwill commentary.
245  00   $a World Goodwill commentary.
260  00   $a New York, $b World Goodwill, $c 1968-
300       $a no. ; $c 22 cm.
362  0    $a No. 1 (Sept. 1968)-
500       $a GTU: CALL NUM CONSISTS OF MULT 920 $a'S, NO $b; OUTPUT AS SINGLE 852 $j (04/02).
650   0   $a Peace $x Periodicals.
710  20   $a World Goodwill.
852       $a GTB $b gtu $j JX1901 (920 $a) .W67 (2ND $a) .XT1 (3RD $a) $3 *** GTU has no.1 (Sept. 1968)-
901       $a GTB $b 1155310

Record 16
