LDR  00821cam  2200193 i 45  
005  19920401000000.0
008  800311s1868    ie g          00100 eng d
035       $a 14522497-B
040       $a CBGTU $c CBGTU
245  00   $a Church hymnal : $b with appropriate tunes.
250       $a 7th ed.
260  0    $a Dublin : $b Association for Discountenancing Vice and Promoting the Knowledge and Practice of the Christian Religion, $c 1868.
300       $a xx, 371 p. : $b music ; $c 19 cm.
500       $a GTU: CALL NUM IN 1ST 920 CONSISTS OF 920 $b, NO $a - OUTPUT AS 852 $j; IGNORE 2ND 920 (04/02).
610  20   $a Church of Ireland $x Hymns.
650   0   $a Hymns, English.
710  21   $a Association for Discountenancing Vice and Promoting the Knowledge and Practice of the Christian Religion.
852       $a GTB $b gtu $j M2136 .C56 1868 (1ST 920 $b)
901       $a GTB $b 1150044

Record 17
