LDR  01704cam  2200289   45  
005  19921215000000.0
008  800311m18861892nyuabc   b    00110deng  
010       $a 35016425
035       $a 14526999-B
040       $c CBGTU $d CBGTU
043       $a n-us--- $a n-us-ma
100  1    $a Shea, John Gilmary, $d 1824-1892.
245  12   $a A history of the Catholic Church within the limits of the United States, from the first attempted colonization to the present time. $c By John Gilmary Shea.
260  0    $a New York, $b J. G. Shea, $c 1886-92.
300       $a 4 v. front. (v. 2) $b illus. (incl. facsims.) plates, ports., maps. $c 25 cm.
500       $a GTU: CALL NUM IS IN ONE 920 $a $b - OUTPUT AS 852 $h $i (04/02).
504       $a Includes bibliographical references and indexes.
505  0    $a [I] The Catholic Church in colonial days. The thirteen colonies, the Ottawa and Illinois country, Louisiana, Florida, Texas, New Mexico and Arizona. 1521-1763.--[II] Life and times of the Most Rev. John Carroll ... Embracing the history of the Catholic Church in the United States. 1763-1815.--[III] From the division of the Diocese of Baltimore, 1808, and death of Archbishop Carroll, 1815, to the Fifth Provincial Council of Baltimore, 1843.--[IV] From the Fifth Provincial Council of Baltimore, 1843, to the Second Plenary Council of Baltimore, 1866.
600  10   $a Carroll, John, $d 1735-1815.
610  14   $a Maryland $x History.
610  20   $a Catholic Church $z United States $x History.
650   1   $a Catholic Church $x History $x Juvenile.
650   0   $a Bishops $z Maryland $z Baltimore $x Biography.
650   2   $a History of Medicine, 18th Century.
650   4   $a Epidemics $x 18th Century.
852       $a GTB $b gtu $h BX1406 $i .S5 1886
901       $a GTB $b 1150048

Record 18
