LDR  01038cas  2200277   45  
005  20001012000000.0
008  810204c19639999dcuqr p a    f0uuua0eng  
010       $a 80640838
035       $a 043-S
040       $d CBGTU
042       $a lc
245  04   $a The Christian socialist.
260  01   $a [London, $b L. Hatts, etc.]
300       $a no. $b ill. $c 21-44 cm.
310       $a Quarterly, $b Jan. 1972-
321       $a Bimonthly, $b 1963-71.
362  0    $a No. 15 (June 1963)-
500       $a GTU PE: NO 950 FLD - OUTPUT DEFAULT HOLDINGS NOTE IN ALL 852'S (04/02)
500       $a 902 FIELD BEGINS WITH "0" - ADD "20" TO BEGINNING & OUTPUT IN 005 AS MARC 21 STANDARD FORMAT.
550  0    $a Nos. for 1963-   issued by the Christian Socialist Movement.
650   0   $a Socialism, Christian $x Periodicals.
710  20   $a Christian Socialist Movement.
780  00   $a Christian Socialist Movement. $t CSM news.
852       $a GTB $b gper $m SIZE ff $j Periodical $3 For holdings consult library
852       $a GTB $b gtu $m SIZE ff $j Periodical $3 For holdings consult library
901       $a GTB $b 1155318

Record 19
