LDR  01070cas  2200301 a 45  
005  19930325000000.0
008  810605c19559999oncuu p       0uuu 0eng d
010       $a cn 75030999
022       $a 0316-8743
035       $a 0517-S
040       $a CaOONL $b eng $c CaOONL $d CBGTU
041  0    $a engfre
042       $a nlc $a isds/c
043       $a n-cn---
110  2    $a Canadian Religious Conference.
222  10   $a Bulletin - Canadian Religious Conference.
245  10   $a CRC bulletin.
246       $a CRC Bulletin.
260  00   $a Ottawa : $b The Conference, $c 1955-
265       $a CRC Bulletin, 324 Laurier Ave. East, Ottawa K1N 6P6.
300       $a v. ; $c 28 cm.
310       $a Frequency varies.
362  0    $a Vol. 1, no. 1 (Jan. 1955)-
500       $a GTU PE: NO 950 $b HAS HOLDINGS OR "CURRENT" INFO - OUTPUT DEFAULT NOTE IN 852 $3 (04/02).
610  20   $a Canadian Religious Conference.
775  0    $a Canadian Religious Conference. $t Bulletin - Canadian Religious Conference. $b [Ed. franðcaise] $e (Fre.) $x 0316-8751.
852       $a GTB $b gper $j Periodical $3 For holdings consult library
901       $a GTB $b 1155334

Record 20
