LDR  00956cas  2200241   45  
005  19930202000000.0
008  800805d19731977ii qr p       ü  ü 0eng  
010       $a 75642830
035       $a 053-S
040       $d CBGTU
042       $a lc
043       $a a-ii---
245  00   $a Spiritual India.
260  00   $a Delhi : $b A. K. Krishna Nambiar, $c 1973-1977.
300       $a 5 v. : $b ill. ; $c 25 cm.
362  0    $a [v. 1, no. 1] ([Jan.] 1973)-v. 5, no. 2 (Apr. 1977)
500       $a GTU PE: ONE 950 WITH MULT $b'S - OUTPUT ONLY 1ST $b WITH HOLDINGS TO 852 $3 OF 1ST 852; OUTPUT DEFAULT NOTE IN OTHER 852 $3'S (04/02).
500       $a OUTPUT 1ST 950 $b WITH "CURRENT/LATEST" INFO TO 852 $m OF 1ST 852 ONLY.
651   0   $a India $x Religion $x Periodicals.
785  00   $a Spiritual India and Kundalini.
852       $a GTB $b gper $j Periodical $m CURRENT ISSUE IN LIBRARIAN'S DESK $3 *** GTU has v.1-4 bd. (1974-1981)
852       $a GTB $b gtu $j Periodical $3 For holdings consult library
901       $a GTB $b 1155336

Record 21
