LDR  01309cas  2200301   45  
005  19930429000000.0
008  810106c19489999oncax p       ü  ü 0eng d
010       $a cn 75031289
022       $a 0082-786X
035       $a 060-S
040       $a CaOONL $b eng $c CaOONL $d CBGTU
042       $a nlc $a isds/c
043       $a n-cn---
110  2    $a United Church of Canada. $b Committee on Archives.
222  00   $a Bulletin - Committee on Archives of the United Church of Canada.
260  00   $a Toronto, $b United Church Pub. House, $c 1948-
265       $a United Church Archives, Victoria University, 73 Queen's Park Crescent East, Toronto, Ont. M5S 2C4.
300       $a no. $c 23 cm.
362  1    $a Began publication in 1948.
500       $a GTU: NO 245 FIELD - OUTPUT ERROR FIELD (04/02).
555       $a Nos. 1-14 (1948-1961) öiön no. 14.
580       $a No. 26 (1977) issued combined with vol. 19, no. 1-2 (Mar./June 1977) of Journal of the Canadian Church Historical Society ISSN 0008-3208.
610  20   $a United Church of Canada $x History $x Periodicals.
710  20   $a Victoria University (Toronto, Ont.)
787  1    $t Journal of the Canadian Church Historical Society $g 1977 $x 0008-3208.
852       $a GTB $b gtu $h CD3620 $i .U5 $3 GTU has 19th Edition
901       $a GTB $b 1155343
998       $a GTB $b 1002 $c Record contains no 245 field $d Release-027-000 $e 1155343

Record 22
LDR  00886dXX  2200253   45  
005  20020510143000.0
008  800407c19669999nyuqr p       ü  ü 0eng  
010       $a 73646585
022       $a 0001-8449
035       $a 070-S
040       $d NSDP $d DLC $d CBGTU
042       $a lc $a nsdp
222  00   $a Adolescence.
260  00   $a [Roslyn Heights, N.Y.] $b Libra Publishers, $c 1966.
265       $a P.O. Box 165, 391 Willets Rd., 11577.
300       $b ill. $c 23 cm.
362  0    $a Vol. 1- (Spring 1966)-     = no. 1-
500       $a GTU: 901 $c = "d"; REC HAS NO 245, NO 902, UNKNOWN TYPE, BIBLVL, LOC CODE - OUTPUT DELETE REC; USE FILE DATE FOR 005 FIELD; DO NOT OUTPUT 998 ERR FLDS (04/02).
510  0    $a Education index $x 0013-1385.
650   0   $a Youth $x Periodicals.
650   0   $a Adolescence $x Periodicals.
650   0   $a Adolescent psychology $x Periodicals.
852       $a GTB $b XXXX $h HQ793 $i .A44
901       $a GTB $b 1155350

Record 23
