LDR  01011das  2200265 a 45  
005  19920720000000.0
008  810205d19681978it ar     iy  0uuub0lat  
010       $a 72624051 //r74
035       $a CGTT057-S
040       $a DLC $c DLC $d OCoLC $d DLC $d OCoLC $d m.c. $d NNUT $d CBGTU
042       $a lc
245  00   $a Elenchus bibliographicus biblicus.
260       $a Rome : $b Biblical Institute Press,
300       $a 11 v. ; $c 24 cm.
310       $a Annual.
362  0    $a Vol. 49 (1968)-v. 58-59 (1977-1978)
500       $a GTU: 901 $c = "d", NO 920 FLD WITH LOCS - OUTPUT DELETE REC; DO NOT OUTPUT 998 ERR FLDS (04/02).
515       $a Vols. 58-59 (1977-1978) issued together in two parts.
580       $a Previously included in Biblica.
630  00   $a Bible $x Periodicals $x Indexes $x Periodicals.
630  00   $a Bible $x Criticism, interpretation, etc. $x Periodicals $x Indexes $x Periodicals.
700  10   $a Nober, Petrus.
785  00   $t Elenchus bibliographicus biblicus of Biblica $x 0392-7423 $w (OCoLC)10172921.
787  1    $t Biblica.
901       $a GTB $b 1155340

Record 24
