LDR  00731nam  2200193uü 45  
005  19920326000000.0
008  890621s1936    ne üüüü üüüü üüüüü0üdut ü
035       $a 89-B3756
040       $a CBGTU $c CBGTU
100  1    $a Zuidema, Sytse Ulbe, $d 1906-
245  13   $a De philosophie van Occam in zijn Commentar op de Sententièen. $b Supplement (Citaten)
260  0    $a Hilversum, $b Schipper $c [1936]
300       $a 399 p. $c 24 cm.
500       $a GTU: 2ND OF 3 LOCS IS "gts"; IGNORE & OUTPUT 2 852 FIELDS (04/02).
600  00   $a William, $c of Ockham, $d ca. 1285-ca. 1349.
600  00   $a Peter Lombard, $c Bishop of Paris, $d ca. 1100-1160. $t Sententiarum libri IV.
852       $a GTB $b sfts $h B765.O34 $i Z8 suppl
852       $a GTB $b gtu $h B765.O34 $i Z8 suppl
901       $a GTB $b 1000453

Record 25
