LDR  00744nam  2200229   45  
005  19920326000000.0
008  890609s1973    ne f     b    00100 fre  
010       $a 74159490 //r84
020       $a 9025606067
035       $a 89-B3301
041  0    $a frelat
043       $a e-fr---
100  1    $a Jeauneau, Edouard.
245  10   $a "Lectio philosophorum"; $b recherches sur l'âEcole de Chartres.
260  0    $a Amsterdam, $b A. M. Hakkert, $c 1973.
300       $a xvi, 395 p. $b plates. $c 23 cm.
500       $a GTU: UNKNOWN LOC CODE - CREATE ERROR FIELD (04/02).
650   0   $a Philosophy, Medieval.
650   0   $a Platonists.
852       $a GTB $b XXX $h B732 $i .J4
901       $a GTB $b 1000002
998       $a GTB $b 1003 $c Record contains the unknown location code XXX $d Release-027-000 $e 1000002

Record 28
