LDR  00837das  2200277 a 45  
005  20020503000000.0
008  980227c1974uuuucauqr1p       0  |a0eng d
010       $a sn 84009837
022  1    $a 0742-8820
035       $a CGTT98-S347
040       $a NSDP $c NSDP $d DLC $d CBGTU
042       $a nsdp
090       $f mhb
222   4   $a The White light.
245  04   $a The White light.
260       $a Pasadena, CA : $b Temple of Truth,
300       $a v. : $b ill. ; $c 22 cm.
310       $a Quarterly.
362       $a Vol. 1, no. 1 (Fall 1974)-
500       $a GTU PE: 901 $C = 't'; CHANGE STATUS TO 'd' AND OUTPUT (02/03).
525       $a Index: v. 1-10, in 1 vol.
650   0   $a Magic $x Periodicals.
650   0   $a Occultism $x Periodicals.
710  2    $a Temple of Truth (Pasadena, Calif.)
852       $a GTB $b gper $j Periodical $3 For holdings consult library
901       $a GTB $b 1081818

Record 36
