LDR  01184cai  2200325 a 4500
005  20060712000000.0
008  020722c200u9999mouwr1p       0   a0eng c
010       $a 2002211952
022  0    $a 1540-9643
032       $a 427220 $b USPS
035       $a 50209411
037       $b Today's Pentecostal evangel, 1445 N. Boonville Avenue, Springfield, MO 65802-1894 $c $11.68 $c $23.00 (Canada)
040       $a NSD $c NSD $d DLC $d GTX
042       $a nsdp $a lc
049       $a GTXA
050  00   $a Periodical
222   0   $a Today's Pentecostal evangel.
245  00   $a Today's Pentecostal evangel.
246  18   $a PE.
260       $a Springfield, MO : $b Gospel Pub. House, General Council of the Assemblies of God.
300       $a v. : $b col. ill. ; $c 28 cm.
310       $a Weekly.
500       $a GTU PE: INTEGRATING RESOURCE - TYPE = 'a', BIBLVL = 'i'; OUTPUT AS SERIAL, DO NOT OUTPUT ERROR (07/06).
515       $a Issues for <June 16, 2002-> called also <4597->
610  20   $a Assemblies of God $v Periodicals.
710  2    $a Assemblies of God. $b General Council.
780  00   $t Pentecostal evangel $x 0031-4897 $w (DLC)   76649446 $w (OCoLC)1680876.
852       $a GTB $b gper
856  41   $u http://www.assembliesofgod/
901       $a GTB $b 1408077

